% mathematics
@book{anderson2019field,
  title={Field Guide to Quantum Mechanics},
  author={Anderson, Brian P},
  year={2019},
  keywords={bib_mathematicalformalism}
}
@article{cohen1986quantum,
  title={Quantum mechanics, volume 1},
  author={Cohen-Tannoudji, Claude and Diu, Bernard and Laloe, Frank},
  journal={Quantum Mechanics},
  volume={1},
  pages={898},
  year={1986},
  keywords={bib_mathematicalformalism}
}