@book{bornwolf,
  author    = {Born, M. and Wolf, E.},
  title     = {Principles of Optics},
  publisher = {Pergamon Press},
  edition   = {7},
  year      = {1999}
}
@book{hecht,
  author    = {Hecht, E.},
  title     = {Optics},
  publisher = {Addison-Wesley},
  edition   = {5},
  year      = {2016}
}
